@article{bcidef,
    author = {R. Wolpaw, Jonathan and others},
    title = {Brainâ€“{C}omputer {I}nterface {T}echnology: {A} {R}eview of the {F}irst {I}nternational {M}eeting},
    year = {2000},
    month = {June},
    journal = {IEEE Transactions on Rehabilitation Engineering},
    volume  = {8},
    number  = {2},
}

@book{nnintro,
    author    = {Gurney, Kevin},
    title     = {An {Introduction} to {Neural} {Networks}},
    year      = {1997},
    publisher = {UCL Press Limited},
}